51701365010010895733344418472475ORMSdiEuhfFjgSecPxRwpNUeMmAyZVZf
42506485836126357284126762751005uezLlsSQzTmUBfbgjRGUVRQqhvNTfMtq
46144456645540250145975365243987RjMEPLQiumCSlbSHzBDosrANqMAZUkod
20375143291189398681933806914557niaSHksQTOlqGYpGfWBhlpczzPyswuWG
45692979698912165283676827037820VlLSGoOFrogABuermcMJrmPNHhsQbbVG
85886803799073152507406411958481eTxckbYRkbcXrhAkXONpzyezwwCdRyAt
83910479642099677180152749190192fnIlhqVBdrvGNOljlcyYFbVPjJZqniOQ
46730880214668519728027477303378xyNNQayLrYXYHrVlJPFLqbZOptVEvfMl
42577794505819586288596512501832PWnantKSMlBrQtSNzlUwpQBGywSDWpFZ
23586915854225641612374903930606TjYcpljzwhZbsNnySxxbLWiPstiTExGE
99929153494180407128843839822561FRyiAuVLxgUojtGQWfVjBxVDeWjYcTbo
26086684708252193775640042002419CYSymPamyZeFbnLZzrmcIOXowlowApXP
13784111992422202621843316091382BGRMbacBOmAJqsdtuRqTeOGMRNbbEfkU
27297952087794421597328566553860ztvrVKfeibaUNmTafDoqfIemLoyYCfhF
45496683760232791307054244834364FsLUMQPsSVqUyMDfWCvTqERBALPSotkj
45287753452731829971679159037080OhbGjRahPPMfXAmOBizeCAuzEHDhcXKg
30315122360438575315679841323819SXOIbOEWwjVLHHLSVMwcuNMjfWLPnOru
33046683034713591344064759486297LSpJItUIUYdbhahktUvEyeLfbLpBvenY
49025718152832546303919741619606bYpoAKRgsNNiolNaREfpptQBdVLBcCmT
49203888902196256006159376910349KwEnHSkkHzkOzojUhslIFmWMmDrJVBoR
26391513742439224529826470819059nHbedTKGZIfHjWjbnXrfGFqrzgkeqgzb
63338290594553245922759148985174ALPXHDqSvrauGaGBBYVeVZLStyKlVgqh
02513520288039220604409444036428wyIYjgJYQEYCYOCZUFidBjBNsJosqCgf
21349700880322052594805683520432rPVnaYqrpZvfzVJpaCpSRlHCAniPJuhB
84085299834794608295711041907810JoZQcNOkJEDRJAjmxvOZDEaqNPrhHSFc
89571761020082823677467660107174YFOhUrQYfyFlMbetmDBQmxECqCoOLIVI
11523161386045962200087510081761YpVMAHpxMlVEQPHZewRPmAzsJIvAJGtL
34934847329297707429816612093531iZOEmWFnPKSekJOoGXDdhcNodUgHnlBZ
57701234809181169517590261271387GmbqXdDOYRbZuaAYMooMsGQKRfCaKCiA
81269605472421341315529275182644oWEgQUbeatijwZLipkFMkAmTJxLTeQcU
94676025244758180019942562204932qjVXrhceoUKEljPtLvGbtdbGLfDDvniq
27525361553593895966589682738633ucHCwClOdRXOeyfGEXQjLEoVLgAiOSCL
34329784400508152796439886113896XokmVtWeYSnOtmpgzYnjboAALHknCHZg
39828058270824365304529219669373tBZwHVBPojIFYPZYRYjiWoDdGqEkYnCn
21419274177907391523775361828054HIluEguaYktHAeaBWGYlImWZzepiDWpj
